@manual{206,
  author = {TU Dortmund},
  title = {Versuch zur WÃ¤rmepumpe},
  year = 2018
}
